@article{article,
  author    = {Awni Y. Hannun and
               Carl Case and
               Jared Casper and
               Bryan Catanzaro and
               Greg Diamos and
               Erich Elsen and
               Ryan Prenger and
               Sanjeev Satheesh and
               Shubho Sengupta and
               Adam Coates and
               Andrew Y. Ng},
  title     = {Deep Speech: Scaling up end-to-end speech recognition},
  journal   = {CoRR},
  volume    = {abs/1412.5567},
  year      = {2014},
  url       = {http://arxiv.org/abs/1412.5567},
  archivePrefix = {arXiv},
  eprint    = {1412.5567},
  timestamp = {Wed, 07 Jun 2017 14:42:46 +0200},
  biburl    = {https://dblp.org/rec/bib/journals/corr/HannunCCCDEPSSCN14},
  bibsource = {dblp computer science bibliography, https://dblp.org}
}